@inproceedings{Heu,
  author = {Hideki Katagiri and Tomohiro Hayashida and Ichiro Nishizaki and Jun Ishimatsu},
  title = {A Hybrid Algorithm BAsed on Tabu Search and Ant Colony Optimization for k-Minimum Spanning Tree Problems},
  booktitle = {PLecture Notes in Artificial Intelligence},
  year = {2009},
  pages = {315--326},
  address = {Awaji Island, Japan},
}

@book{BlumBlesa,
    author    = "Blum, C.; Blesa, M. J.",
    title     = "New metaheuristic approaches for the edge-weighted k-cardinaity tree problem",
    year      = "2003",
    publisher = "Univerrsitat Plitecnica de Catalunya",
    address   = "Barcelona, Spain"
}

@book{Rust,
    author    = "Blandy, J.; Orendorff, J.",
    title     = "Programming Rust",
    year      = "2017",
    publisher = "O'Reilly",
    address   = "1005 Gravenstein Highway North, Sebastopol"
}

